<?xml version="1.0" encoding="UTF-8"?><collection xmlns="http://www.loc.gov/MARC21/slim"><record><leader>00484nam--2200193-u-4500</leader><controlfield tag="001">000054505</controlfield><controlfield tag="002">20161230</controlfield><controlfield tag="005">20161230201051</controlfield><controlfield tag="008">120113s1000------------r-----000-0-rus-d</controlfield><datafield ind1=" " ind2=" " tag="040"><subfield code="a">IFIN-HH</subfield></datafield><datafield ind1=" " ind2=" " tag="041"><subfield code="a">rus</subfield></datafield><datafield ind1=" " ind2=" " tag="080"><subfield code="a">539.145</subfield></datafield><datafield ind1="1" ind2=" " tag="100"><subfield code="a">Gitman, D.M</subfield></datafield><datafield ind1="1" ind2="0" tag="245"><subfield code="a">Kanoniceskoe kvantovanie polei so sviaziami</subfield><subfield code="c">D.m. gitman, i.v. tyutin</subfield></datafield><datafield ind1=" " ind2=" " tag="260"><subfield code="a">Moskva</subfield><subfield code="b">Nauka</subfield><subfield code="c">1986</subfield></datafield><datafield ind1=" " ind2=" " tag="300"><subfield code="a">216P</subfield></datafield><datafield ind1="1" ind2=" " tag="700"><subfield code="a">Tyutin, I.V</subfield></datafield><datafield ind1=" " ind2=" " tag="852"><subfield code="a">73798</subfield><subfield code="c">539.12</subfield></datafield><datafield ind1=" " ind2=" " tag="CAT"><subfield code="a">Sys</subfield><subfield code="c">20120113</subfield><subfield code="h">120551</subfield></datafield></record></collection>